@InProceedings{C2,
  author = 	 "Jones, C.D. and Smith, A.B. and Roberts, E.F.",
  title =        "Article Title",
  booktitle =        "Proceedings Title",
  organization = "IEEE",
  year = 	 "2003",
  volume = 	 "II",
  pages = 	 "803-806"
}

@InProceedings{kumar2008computer,
  author = 	 "Kumar, A.",
  title =        "Computer-vision-based fabric defect detection: A survey",
  booktitle =        "IEEE transactions on industrial electronics",
  organization = "IEEE",
  year = 	 "2008",
  volume = 	 "55",
  pages = 	 "348-363"
}


@inproceedings{long2015fully,
  title={Fully convolutional networks for semantic segmentation},
  author={J. Long and E. Shelhamer and T. Darrell},
  booktitle={Proc. CVPR},
  pages={3431--3440},
  year=2015
}
@article{simonyan2014very,
  title={Very deep convolutional networks for large-scale image recognition},
  author={K. Simonyan and A. Zisserman},
  journal={CoRR, abs/1409.1556},
  year=2014
}

@article{zhang2017automatic,
  title={Automatic detection of defects in tire radiographic images},
  author={Y. Zhang and D. Lefebvre and Q. Li},
  journal={IEEE Trans. on Automation Science and Engineering},
  volume=14,
  number=3,
  pages={1378--1386},
  year=2017,
  publisher={IEEE}
}