@InProceedings{he2016deep,
  author = 	 "He, K. and Zhang, X. and Ren, S. and Sun, J.",
  title =        "Deep residual learning for image recognition",
  booktitle =        "CVPR",
  year = 	 "2016",
  pages = 	 "770-778"
}
@InProceedings{chen2016attention,
  author = "Chen, L. C. and Yang, Y. and Wang, J. and Xu, W. and Yuille, A. L.",
  title = "Attention to scale: Scale-aware semantic image segmentation",
  booktitle = "CVPR",
  pages = "3640-3649",
  year = "2016"
}